@online{ComuneMilanoOpenData,
  author    = {Comune di Milano},
  title     = {Portale Open Data del Comune di Milano},
  url       = {https://dati.comune.milano.it}
}

@online{Amat,
  author    = {Agenzia Mobilità Ambiente Territorio},
  title     = {Portale Amat},
  url       = {https://www.amat-mi.it}
}

@online{GTFS,
  author    = {GTFS Foundation},
  title     = {General Transit Feed Specification},
  url       = {https://www.gtfs.org}
}

@online{FermateLineeMetropolitane,
  author    = {Agenzia Mobilità Ambiente Territorio},
  title     = {ATM Fermate linee metropolitane},
  url       = {https://dati.comune.milano.it/dataset/ds535_atm-fermate-linee-metropolitane}
}

@online{PercorsiLineeMetropolitane,
  author    = {Agenzia Mobilità Ambiente Territorio},
  title     = {ATM Percorsi linee metropolitane},
  url       = {https://dati.comune.milano.it/dataset/ds539_atm-percorsi-linee-metropolitane}
}

@online{ComposizionePercorsiLineeMetropolitane,
  author    = {Agenzia Mobilità Ambiente Territorio},
  title     = {ATM Composizione percorsi linee metropolitane},
  url       = {https://dati.comune.milano.it/dataset/ds533_atm-composizione-percorsi-linee-metropolitane}
}

@online{igraph,
  title        = {igraph – Network analysis software},
  author       = {Csárdi, Gábor and Nepusz, Tamás},
  url          = {https://igraph.org/}
}

@online{ATM2025,
  author       = {Azienda Trasporti Milanesi},
  title        = {La storia: Chi eravamo},
  year         = {2025},
  url          = {https://www.atm.it/IT/ILGRUPPO/LASTORIA/Pagine/ChiEravamo.aspx},
}


@article{vonFerber2012LondonParis,
  author       = {von Ferber, C. and Berche, B. and Holovatch, T. and Holovatch, Yurij},
  title        = {A tale of two cities. Vulnerabilities of the London and Paris transit networks},
  journal      = {arXiv preprint},
  volume       = {arXiv:1206.2599},
  year         = {2012},
  doi          = {10.1007/s12198-012-0092-9}
}

@article{SienkiewiczHolyst2005,
  author       = {Sienkiewicz, Julian and Ho\l{}yst, Janusz A.},
  title        = {Statistical analysis of 22 public transport networks in Poland},
  journal      = {Physical Review E},
  year         = {2005},
  doi          = {10.1103/PhysRevE.72.046127}
}

@article{Candelieri2019,
  author       = {Candelieri, Antonio and Galuzzi, Bruno G. and Giordani, Ilaria and Archetti, Francesco},
  title        = {Vulnerability of public transportation networks against directed attacks and cascading failures},
  journal      = {Public Transport},
  year         = {2019},
  doi          = {10.1007/s12469-018-00193-7}
}

@article{MattssonJenelius2015,
  author  = {Mattsson, L.-G. and Jenelius, E.},
  title   = {Vulnerability and resilience of transport systems: A discussion of recent research},
  journal = {Transport Research Part A: Policy and Practice},
  year    = {2015},
  doi     = {10.1016/j.tra.2015.06.002}
}

@article{Berdica2002,
  author  = {Berdica, Karolina},
  title   = {An Introduction to Road Vulnerability: What Has Been Done, Is Done and Should Be Done},
  journal = {Transport Policy},
  year    = {2002},
  doi     = {10.1016/S0967-070X(02)00011-2}
}